@Article{girardetal07amd,
  Title                    = {Approximation Metrics for Discrete and Continuous Systems},
  Author                   = {Girard, A. and Pappas, G. J.},
  Journal                  = IEEE_J_AC,
  Year                     = {2007},
  Number                   = {5},
  Pages                    = {782--798},
  Volume                   = {52}
}

@Article{aluretal00dah,
  Title                    = {Discrete abstractions of hybrid systems},
  Author                   = {Alur, R. and Henzinger, T.A. and Lafferriere, G. and Pappas, G.J.},
  Journal                  = IEEE_J_PROC,
  Year                     = {2000},
  Number                   = {7},
  Pages                    = {971--984},
  Volume                   = {88}
}

@Book{clarkeetal99m,
  Title                    = {Model checking},
  Author                   = {Clarke, Edmund M and Grumberg, Orna and Peled, Doron},
  Publisher                = {MIT press},
  Year                     = {1999}
}

@Article{pappasetal00hcc,
  Title                    = {Hierarchically consistent control systems},
  Author                   = {Pappas, George J. and Lafferriere, Gerardo and Sastry, Shankar},
  Journal                  = IEEE_J_AC,
  Year                     = {2000},
  Number                   = {6},
  Pages                    = {1144--1160},
  Volume                   = {45}
}

@InProceedings{GirardEtAl06vus,
  Title                    = {Verification Using Simulation},
  Author                   = {Antoine Girard and George J. Pappas},
  Booktitle                = {Hybrid Systems: Computation and Control},
  Year                     = {2006},
  Pages                    = {272-286},
  Publisher                = {Springer}
}
