@Article{girardetal07amd,
  Title                    = {Approximation Metrics for Discrete and Continuous Systems},
  Author                   = {Girard, A. and Pappas, G. J.},
  Journal                  = IEEE_J_AC,
  Year                     = {2007},
  Number                   = {5},
  Pages                    = {782--798},
  Volume                   = {52}
}

@Article{aluretal00dah,
  Title                    = {Discrete abstractions of hybrid systems},
  Author                   = {Alur, R. and Henzinger, T.A. and Lafferriere, G. and Pappas, G.J.},
  Journal                  = IEEE_J_PROC,
  Year                     = {2000},
  Number                   = {7},
  Pages                    = {971--984},
  Volume                   = {88}
}

@Book{clarkeetal99m,
  Title                    = {Model checking},
  Author                   = {Clarke, Edmund M and Grumberg, Orna and Peled, Doron},
  Publisher                = {MIT press},
  Year                     = {1999}
}

@Article{pappasetal00hcc,
  Title                    = {Hierarchically consistent control systems},
  Author                   = {Pappas, G. J. and Lafferriere, G. and Sastry, S.},
  Journal                  = IEEE_J_AC,
  Year                     = {2000},
  Number                   = {6},
  Pages                    = {1144--1160},
  Volume                   = {45}
}

@InProceedings{GirardEtAl06vus,
  Title                    = {Verification Using Simulation},
  Author                   = {Girard, A. and Pappas, G. J.},
  Booktitle                = {Hybrid Systems: Computation and Control},
  Year                     = {2006},
  Pages                    = {272-286},
  Publisher                = {Springer}
}

@manual{tvpickup,
      title  = "Tea Time in Britain, Britain from Above",
      author = "Marr, A.",
      url    = "http://www.bbc.co.uk/britainfromabove/stories/people/teatimebritain.shtml",
      year   = "2008 (accessed March 30, 2015)"
    }
    
@Misc{trfpeco,
  author = 	 {{TRFund Energy Study}},
  title = 	 {Understanding {PECO}'s General Service Tariff},
  year = {2007}
}

@article{battery,
author={A.A. Pesaran and A. Vlahinos and S.D. Burch},
title={Thermal Performance of EV and HEV Battery Modules and Packs},
journal={Proceedings of the 14th International 
Electric Vehicle Symposium},
year=1997
}

@INPROCEEDINGS{rts,
  author = {Facchinetti, T. and Bini, E. and Bertogna, M.},
  title = {Reducing the Peak Power through Real-Time Scheduling Techniques in Cyber-Physical Energy Systems},
  booktitle = {International Workshop on Energy Aware Design and Analysis of Cyber Physical Systems},
 year = {2010},
 location = {Stockolm, Sweden}
}

@Book{realtimesys,
  author = 	 {Jane W. S. Liu},
  title = 	 {Real-time Systems},
  publisher = 	 {Prentice Hall},
  year = 	 {2000},
}

@article{hybrid,
author={A. Khaligh and Z. Li},
title={Battery, Ultracapacitor, Fuel Cell, and Hybrid Energy Storage Systems for Electric, Hybrid Electric, Fuel Cell and Plug-In Hybrid Electric Vehicles: State of the Art},
journal={IEEE Tran. on Vehicular Tech.},
year=2008
}

@InProceedings{nghiemetal12ssb,
  Title                    = {Scalable Scheduling of Building Control Systems for Peak Demand Reduction},
  Author                   = {Truong X. Nghiem and Madhur Behl and Rahul Mangharam and George J. Pappas},
  Booktitle                = {American Control Conference (ACC)},
  Year                     = {2012}
}

@inproceedings{sou2011scheduling,
  title={Scheduling smart home appliances using mixed integer linear programming},
  author={Sou, Kin Cheong and Weimer, James and Sandberg, Henrik and Johansson, Karl Henrik},
  booktitle={Decision and Control and European Control Conference (CDC-ECC)},
  pages={5144--5149},
  year={2011}
}

@inproceedings{zhang2011optimal,
  title={Optimal scheduling of smart homes energy consumption with microgrid},
  author={Zhang, Di and Papageorgiou, Lazaros G and Samsatli, Nouri J and Shah, Nilay},
  booktitle={ENERGY 2011, The First International Conference on Smart Grids, Green Communications and IT Energy-aware Technologies},
  pages={70--75},
  year={2011}
}

@Book{boydetal06co,
  Title                    = {Convex Optimization},
  Author                   = {Boyd, Stephen and Vandenberghe, Lieven},
  Publisher                = {Cambridge University Press},
  Year                     = {2006}
}

@InProceedings{nghiemetal13ebg,
  Title                    = {Event-based Green Scheduling of Radiant Systems in Buildings},
  Author                   = {Truong X. Nghiem and George J. Pappas and Rahul Mangharam},
  Booktitle                = {Proceedings of the American Control Conference (ACC)},
  Year                     = {2013}
}
